@article{Mul13,
 author = {M\"{u}ller, Matthias and Chentanez, Nuttapong and Kim, Tae-Yong},
 title = {Real Time Dynamic Fracture with Volumetric Approximate Convex Decompositions},
 journal = {ACM Trans. Graph.},
 issue_date = {July 2013},
 volume = {32},
 number = {4},
 month = jul,
 year = {2013},
 issn = {0730-0301},
 pages = {115:1--115:10},
 articleno = {115},
 numpages = {10},
 url = {http://doi.acm.org/10.1145/2461912.2461934},
 doi = {10.1145/2461912.2461934},
 acmid = {2461934},
 publisher = {ACM},
 address = {New York, NY, USA},
 keywords = {Voronoi, destruction, fracture, real time},
}

@article{Ter88,
 author = {Terzopoulos, Demetri and Fleischer, Kurt},
 title = {Modeling Inelastic Deformation: Viscolelasticity,
                  Plasticity, Fracture},
 journal = {SIGGRAPH Comput. Graph.},
 issue_date = {Aug. 1988},
 volume = {22},
 number = {4},
 month = jun,
 year = {1988},
 issn = {0097-8930},
 pages = {269--278},
 numpages = {10},
 url = {http://doi.acm.org/10.1145/378456.378522},
 doi = {10.1145/378456.378522},
 acmid = {378522},
 publisher = {ACM},
 address = {New York, NY, USA},
 keywords = {animation, deformation, dynamics, elasticity, modeling,
                  simulation},
}

@article{Nor91,
year={1991},
issn={0178-2789},
journal={The Visual Computer},
volume={7},
number={4},
doi={10.1007/BF01900837},
title={Animation of fracture by physical modeling},
url={http://dx.doi.org/10.1007/BF01900837},
publisher={Springer-Verlag},
keywords={Modeling; Animation; Deformation; Collision detection; Simulation; Dynamics},
author={Norton, Alan and Turk, Greg and Bacon, Bob and Gerth, John and Sweeney, Paula},
pages={210-219},
language={English}
}

@inproceedings{Obr99,
 author = {O'Brien, James F. and Hodgins, Jessica K.},
 title = {Graphical Modeling and Animation of Brittle Fracture},
 booktitle = {Proceedings of the 26th Annual Conference on Computer Graphics and Interactive Techniques},
 series = {SIGGRAPH '99},
 year = {1999},
 isbn = {0-201-48560-5},
 pages = {137--146},
 numpages = {10},
 url = {http://dx.doi.org/10.1145/311535.311550},
 doi = {10.1145/311535.311550},
 acmid = {311550},
 publisher = {ACM Press/Addison-Wesley Publishing Co.},
 address = {New York, NY, USA},
 keywords = {animation techniques, cracking, deformation, dynamics, finite element method, fracture, physically based modeling, simulation},
} 

@inproceedings{Par09,
 author = {Parker, Eric G. and O'Brien, James F.},
 title = {Real-time Deformation and Fracture in a Game Environment},
 booktitle = {Proceedings of the 2009 ACM SIGGRAPH/Eurographics Symposium on Computer Animation},
 series = {SCA '09},
 year = {2009},
 isbn = {978-1-60558-610-6},
 location = {New Orleans, Louisiana},
 pages = {165--175},
 numpages = {11},
 url = {http://doi.acm.org/10.1145/1599470.1599492},
 doi = {10.1145/1599470.1599492},
 acmid = {1599492},
 publisher = {ACM},
 address = {New York, NY, USA},
 keywords = {Star Wars: The Force Unleashed, deformation, fracture, game physics, physics engine, real-time physics, simulation},
}

@inproceedings{Mou05,
 author = {Mould, David},
 title = {Image-guided Fracture},
 booktitle = {Proceedings of Graphics Interface 2005},
 series = {GI '05},
 year = {2005},
 isbn = {1-56881-265-5},
 location = {Victoria, British Columbia},
 pages = {219--226},
 numpages = {8},
 url = {http://dl.acm.org/citation.cfm?id=1089508.1089545},
 acmid = {1089545},
 publisher = {Canadian Human-Computer Communications Society},
 address = {School of Computer Science, University of Waterloo, Waterloo, Ontario, Canada},
 keywords = {fracture, non-photorealistic rendering, texture synthesis},
}

@inproceedings{Rag02,
 author = {Raghavachary, Saty},
 title = {Fracture Generation on Polygonal Meshes Using Voronoi Polygons},
 booktitle = {ACM SIGGRAPH 2002 Conference Abstracts and Applications},
 series = {SIGGRAPH '02},
 year = {2002},
 isbn = {1-58113-525-4},
 location = {San Antonio, Texas},
 pages = {187--187},
 numpages = {1},
 url = {http://doi.acm.org/10.1145/1242073.1242200},
 doi = {10.1145/1242073.1242200},
 acmid = {1242200},
 publisher = {ACM},
 address = {New York, NY, USA},
 keywords = {natural phenomena, visual simulation},
} 

@article{Andrew79,
    author = {Andrew, A. M.},
    citeulike-article-id = {7283808},
    journal = {Information Processing Letters},
    pages = {216--219},
    posted-at = {2010-06-09 15:04:07},
    priority = {2},
    title = {{Another Efficient Algorithm for Convex Hulls in Two Dimensions}},
    volume = {9},
    year = {1979}
}
